@article{dagan2016parrot,
  title={Parrot, a software-only anti-spoofing defense system for the CAN bus},
  author={Dagan, Tsvika and Wool, Avishai},
  journal={ESCAR EUROPE},
  volume={34},
  year={2016}
}

@misc{parrot_github,
    title = {CPS Project},
    author = {Marco Bernardi},
    howpublished = {\url{https://github.com/marco-bernardi/CPS_Project1}}
}